@ONLINE {,
	author = "",
	title  = "",
	month  = "",
	year   = "",
	url    = ""
}

@ONLINE {googlelogin,
	author = "recampbell Campbell",
	title  = "Google Login Plugin",
	month  = "Nov",
	year   = "2015",
	url    = "https://wiki.jenkins-ci.org/display/JENKINS/Google+Login+Plugin"
}
@ONLINE {activedirectory,
	author = "Kohsuke Kawaguchi",
	title  = "Active Directory Plugin",
	month  = "Oct",
	year   = "2016",
	url    = "https://wiki.jenkins-ci.org/display/JENKINS/Active+Directory+plugin"
}
@ONLINE {tomcat,
	author = "Avneet Mangat",
	title  = "Top 7 Features in Tomcat 7: The new and the Improved",
	month  = "Sept",
	year   = "2010",
	url    = "http://www.developer.com/java/web/article.php/3904871/Top-7-Features-in-Tomcat-7-The-New-and-the-Improved.htm"
}
@ONLINE {jetty,
	author = "webtide",
	title  = "Why Choose Jetty",
	year   = "2016",
	url    = "https://webtide.com/why-choose-jetty/"
}
@ONLINE {glassfish,
	author = "Oracle",
	title  = "The Oracle GlassFish Server Advantage for Small Businesses",
	month = "Jun",
	year   = "2010",
	url    = "http://www.oracle.com/us/products/middleware/application-server/glassfish-server-adv-sbiz-wp-080573.pdf"
}
@ONLINE {buildmonitor,
	author = "Jan Molak",
	title  = "Build Monitor Plugin",
	month = "Nov",
	year   = "2016",
	url    = "https://wiki.jenkins-ci.org/display/JENKINS/Build+Monitor+Plugin"
}
@ONLINE {lavalamp,
	author = "Ed Randall",
	title  = "Lava Lamp Notifier",
	month = "Nov",
	year   = "2010",
	url    = "https://wiki.jenkins-ci.org/display/JENKINS/Lava+Lamp+Notifier"
}

@ONLINE {radiatorview,
	author = "Mark Howard",
	title  = "Radiator View Plugin",
	month = "May",
	year   = "2011",
	url    = "http://wiki.hudson-ci.org/display/HUDSON/Radiator+View+Plugin"
}

@TECHREPORT{RC25482,
	author  = "Felter W. and Ferreira A. and Rajamony R. and Rubio J.",
	title   = "An Updated Performance Comparison of Virtual Machines and Linux Containers",
	number = "RC25482",
	year    = "2014",
	month   = "July",
	url     = "http://domino.research.ibm.com/library/cyberdig.nsf/papers/0929052195DD819C85257D2300681E7B",
	institution = "IBM Research Division"
}

@ONLINE {rhlife,
	author = {{Red Hat}},
	title  = "Red Hat Enterprise Linux Life Cycle",
	month = "November",
	year   = "2016",
	url    = "https://access.redhat.com/support/policy/updates/errata"
}

@ONLINE {centlife,
	author = {{CentOS Project}},
	title = "CentOS Product Specifications",
	month = "November",
	year = "2016",
	url = "https://wiki.centos.org/About/Product"
}

@ONLINE {ubuntulife,
	author = {{Canonical}},
	title  = "What's the difference between desktop and server?",
	month = "November",
	year   = "2012",
	url    = "https://help.ubuntu.com/community/ServerFaq#What.27s_the_difference_between_desktop_and_server.3F"
}
