@ONLINE {openstackmain,
	author = {{OpenStack Foundation}},
	title  = "OpenStack Open Source Cloud Computing Software",
	url    = "http://www.openstack.org/"
}

@ONLINE {openstackservices,
	author = {{OpenStack Foundation}},
	title  = "Software -- OpenStack Open Source Cloud Computing Software",
	url    = "http://www.openstack.org/software/"
}

@ONLINE {cloudstackmain,
	author = {{Apache Software Foundation}},
	title  = "Apache CloudStack: Open Source Cloud Computing",
	url    = "https://cloudstack.apache.org/"
}

@ONLINE {cloudstackmono,
  author = "Francois Gaudreault",
	title  = "CloudStack vs. OpenStack: Follow-up",
  month  = "Jul",
  year   = "2015",
	url    = "https://www.cloudops.com/2015/07/cloudstack-vs-openstack-is-there-really-a-winner/"
}

@ONLINE {jcloudsproviders,
	author = {{Apache Software Foundation}},
	title  = "Apache jclouds :: Providers",
	url    = "http://jclouds.apache.org/reference/providers/#compute-apis"
}

@ONLINE {jcloudsplugin,
	author = {{Jenkins Project}},
	title  = "JClouds Plugin -- Jenkins -- Jenkins Wiki",
	url    = "https://wiki.jenkins-ci.org/display/JENKINS/JClouds+Plugin"
}


@ONLINE {ganetimain,
	author = {{Google}},
	title  = "Ganeti",
	url    = "http://www.ganeti.org/"
}

@ONLINE {jenkinsmain,
	author = {{Jenkins Project}},
	title  = "Jenkins",
	url    = "https://jenkins.io/"
}

@ONLINE {jenkinsplugins,
	author = {{Jenkins Project}},
	title  = "Plugins -- Jenkins -- Jenkins Wiki",
	url    = "https://wiki.jenkins-ci.org/display/JENKINS/Plugins"
}

@ONLINE {buildbotmain,
	author = {{Buildbot}},
	title  = "Buildbot",
	url    = "http://buildbot.net/"
}

@ONLINE {buildbotplugins,
	author = {{Buildbot}},
	title  = "Plugins -- Buildbot",
	url    = "http://trac.buildbot.net/wiki/Plugins"
}

@ONLINE {buildbotconfig,
	author = {{Buildbot}},
	title  = "2.4.1 Configuring Buildbot",
	url    = "https://docs.buildbot.net/current/manual/cfg-intro.html"
}

@ONLINE {stridermain,
	author = {{Strider}},
	title  = "Strider",
	url    = "https://strider-cd.github.io/"
}

@ONLINE {striderplugins,
	author = {{Strider}},
	title  = "Strider Continuous Deployment",
	url    = "https://github.com/Strider-CD?query=strider-"
}

@ONLINE {ansiblemain,
	author = {{Red Hat}},
	title  = "Ansible is Simple IT Automation",
	url    = "https://www.ansible.com/"
}

@ONLINE {ansibleworks,
	author = {{Red Hat}},
	title  = "How Ansible Works",
  year   = "2016",
	url    = "https://www.ansible.com/how-ansible-works"
}

@ONLINE {chefmain,
	author = {{Chef Software}},
	title  = "Chef -- Embrace DevOps",
	url    = "https://www.chef.io/"
}

@ONLINE {chefworks,
	author = {{Chef Software}},
	title  = "An Overview of Chef -- Chef Docs",
	url    = "https://docs.chef.io/chef_overview.html"
}

@ONLINE {puppetmain,
	author = {{Puppet}},
	title  = "Puppet -- The shortest path to better software",
	url    = "https://puppet.com/"
}

@ONLINE {puppetworks,
	author = {{Puppet}},
	title  = "Overview of Puppet's architecture -- Documentation -- Puppet",
  year   = "2016",
	url    = "https://docs.puppet.com/puppet/4.8/reference/architecture.html"
}

@ONLINE {puppetlang,
	author = {{Puppet}},
	title  = "Language: Basics -- Documentation -- Puppet",
  year   = "2016",
	url    = "https://docs.puppet.com/puppet/4.8/reference/lang_summary.html"
}

@ONLINE {cmcompare,
	author = "Paul Venezia",
	title  = "Review: Puppet vs. Chef vs. Ansible vs. Salt",
	month  = "Nov",
	year   = "2013",
	url    = "http://www.infoworld.com/article/2609482/data-center/data-center-review-puppet-vs-chef-vs-ansible-vs-salt.html?page=4"
}

@ONLINE {activedirectory,
	author = "Kohsuke Kawaguchi",
	title  = "Active Directory Plugin",
	month  = "Oct",
	year   = "2016",
	url    = "https://wiki.jenkins-ci.org/display/JENKINS/Active+Directory+plugin"
}
@ONLINE {tomcat,
	author = "Avneet Mangat",
	title  = "Top 7 Features in Tomcat 7: The new and the Improved",
	month  = "Sept",
	year   = "2010",
	url    = "http://www.developer.com/java/web/article.php/3904871/Top-7-Features-in-Tomcat-7-The-New-and-the-Improved.htm"
}
@ONLINE {jetty,
	author = "webtide",
	title  = "Why Choose Jetty",
	year   = "2016",
	url    = "https://webtide.com/why-choose-jetty/"
}
@ONLINE {glassfish,
	author = "Oracle",
	title  = "The Oracle GlassFish Server Advantage for Small Businesses",
	month = "Jun",
	year   = "2010",
	url    = "http://www.oracle.com/us/products/middleware/application-server/glassfish-server-adv-sbiz-wp-080573.pdf"
}
@ONLINE {buildmonitor,
	author = "Jan Molak",
	title  = "Build Monitor Plugin",
	month = "Nov",
	year   = "2016",
	url    = "https://wiki.jenkins-ci.org/display/JENKINS/Build+Monitor+Plugin"
}
@ONLINE {lavalamp,
	author = "Ed Randall",
	title  = "Lava Lamp Notifier",
	month = "Nov",
	year   = "2010",
	url    = "https://wiki.jenkins-ci.org/display/JENKINS/Lava+Lamp+Notifier"
}

@ONLINE {radiatorview,
	author = "Mark Howard",
	title  = "Radiator View Plugin",
	month = "May",
	year   = "2011",
	url    = "http://wiki.hudson-ci.org/display/HUDSON/Radiator+View+Plugin"
}

@TECHREPORT{RC25482,
	author  = "Felter W. and Ferreira A. and Rajamony R. and Rubio J.",
	title   = "An Updated Performance Comparison of Virtual Machines and Linux Containers",
	number = "RC25482",
	year    = "2014",
	month   = "July",
	url     = "http://domino.research.ibm.com/library/cyberdig.nsf/papers/0929052195DD819C85257D2300681E7B",
	institution = "IBM Research Division"
}

@ONLINE {rhlife,
	author = {{Red Hat}},
	title  = "Red Hat Enterprise Linux Life Cycle",
	month = "November",
	year   = "2016",
	url    = "https://access.redhat.com/support/policy/updates/errata"
}

@ONLINE {centlife,
	author = {{CentOS Project}},
	title = "CentOS Product Specifications",
	month = "November",
	year = "2016",
	url = "https://wiki.centos.org/About/Product"
}

@ONLINE {ubuntulife,
	author = {{Canonical}},
	title  = "What's the difference between desktop and server?",
	month = "November",
	year   = "2012",
	url    = "https://help.ubuntu.com/community/ServerFaq#What.27s_the_difference_between_desktop_and_server.3F"
}
