@ONLINE {openstackmain,
	author = {{OpenStack Foundation}},
	title  = "OpenStack Open Source Cloud Computing Software",
	url    = "http://www.openstack.org/"
}

@ONLINE {openstackservices,
	author = {{OpenStack Foundation}},
	title  = "Software -- OpenStack Open Source Cloud Computing Software",
	url    = "http://www.openstack.org/software/"
}

@ONLINE {jcloudsproviders,
	author = {{Apache Software Foundation}},
	title  = "Apache jclouds :: Providers",
	url    = "http://jclouds.apache.org/reference/providers/#compute-apis"
}

@ONLINE {jcloudsplugin,
	author = {{Jenkins Project}},
	title  = "JClouds Plugin -- Jenkins -- Jenkins Wiki",
	url    = "https://wiki.jenkins-ci.org/display/JENKINS/JClouds+Plugin"
}

@ONLINE {jenkinsmain,
	author = {{Jenkins Project}},
	title  = "Jenkins",
	url    = "https://jenkins.io/"
}

@ONLINE {jenkinsplugins,
	author = {{Jenkins Project}},
	title  = "Plugins -- Jenkins -- Jenkins Wiki",
	url    = "https://wiki.jenkins-ci.org/display/JENKINS/Plugins"
}

@ONLINE {ansiblemain,
	author = {{Red Hat}},
	title  = "Ansible is Simple IT Automation",
	url    = "https://www.ansible.com/"
}

@ONLINE {ansibleworks,
	author = {{Red Hat}},
	title  = "How Ansible Works",
  year   = "2016",
	url    = "https://www.ansible.com/how-ansible-works"
}

@ONLINE {chefmain,
	author = {{Chef Software}},
	title  = "Chef -- Embrace DevOps",
	url    = "https://www.chef.io/"
}

@ONLINE {buildmonitor,
	author = "Jan Molak",
	title  = "Build Monitor Plugin",
	month = "Nov",
	year   = "2016",
	url    = "https://wiki.jenkins-ci.org/display/JENKINS/Build+Monitor+Plugin"
}

@ONLINE {googlelogin,
	author = "Vincent Latombe",
	title  = "Google Login Plugin",
	month = "Nov",
	year   = "2016",
	url    = "https://wiki.jenkins-ci.org/display/JENKINS/Google+Login+Plugin"
}

@ONLINE {githublogin,
	author = "Michael O'Cleirigh",
	title  = "GitHub Oath Plugin",
	month = "May",
	year   = "2016",
	url    = "https://wiki.jenkins-ci.org/display/JENKINS/GitHub+OAuth+Plugin"
}
